% incl/bib/articles.bib : referencer til artikler
% ------------------------------------------------------------------------------
@article{rocsu2009dynamic,
  title={A dynamic model of the limit order book},
  author={Ro{\c{s}}u, Ioanid},
  journal={The Review of Financial Studies},
  volume={22},
  number={11},
  pages={4601--4641},
  year={2009},
  publisher={Oxford University Press}
}

@book{abergel2016limit,
  title={Limit order books},
  author={Abergel, Fr{\'e}d{\'e}ric and Anane, Marouane and Chakraborti, Anirban and Jedidi, Aymen and Toke, Ioane Muni},
  year={2016},
  publisher={Cambridge University Press}
}

@book{kallenberg2017random,
  title={Random measures, theory and applications},
  author={Kallenberg, Olav and others},
  volume={1},
  year={2017},
  publisher={Springer}
}

@article{lu2017limit,
  title={Limit order book modelling with high dimensional Hawkes processes},
  author={Lu, Xiaofei and Abergel, Fr{\'e}d{\'e}ric},
  year={2017}
}

@article{muni2022marked,
  title={Marked point processes and intensity ratios for limit order book modeling},
  author={Muni Toke, Ioane and Yoshida, Nakahiro},
  journal={Japanese Journal of Statistics and Data Science},
  pages={1--39},
  year={2022},
  publisher={Springer}
}

@article{bacry2015hawkes,
  title={Hawkes processes in finance},
  author={Bacry, Emmanuel and Mastromatteo, Iacopo and Muzy, Jean-Fran{\c{c}}ois},
  journal={Market Microstructure and Liquidity},
  volume={1},
  number={01},
  pages={1550005},
  year={2015},
  publisher={World Scientific}
}

@book{jacod2011discretization,
  title={Discretization of processes},
  author={Jacod, Jean and Protter, Philip},
  volume={67},
  year={2011},
  publisher={Springer Science \& Business Media}
}

@article{black1973pricing,
  title={The Pricing of Options and Corporate Liabilities},
  author={Black, Fischer and Scholes, Myron},
  journal={The Journal of Political Economy},
  volume={81},
  number={3},
  pages={637--654},
  year={1973}
}

@article{heston1993closed,
  title={A closed-form solution for options with stochastic volatility with applications to bond and currency options},
  author={Heston, Steven L},
  journal={The review of financial studies},
  volume={6},
  number={2},
  pages={327--343},
  year={1993},
  publisher={Oxford University Press}
}

@article{barndorff1997normal,
  title={Normal inverse Gaussian distributions and stochastic volatility modelling},
  author={Barndorff-Nielsen, Ole E},
  journal={Scandinavian Journal of statistics},
  volume={24},
  number={1},
  pages={1--13},
  year={1997},
  publisher={Wiley Online Library}
}

@article{geman2002pure,
  title={Pure jump L{\'e}vy processes for asset price modelling},
  author={Geman, H{\'e}lyette},
  journal={Journal of Banking \& Finance},
  volume={26},
  number={7},
  pages={1297--1316},
  year={2002},
  publisher={Elsevier}
}

@misc{barndorff2009realized,
  title={Realized kernels in practice: Trades and quotes},
  author={Barndorff-Nielsen, Ole E and Hansen, P Reinhard and Lunde, Asger and Shephard, Neil},
  year={2009},
  publisher={Oxford University Press Oxford, UK}
}
@article{graf2021modeling,
  title={Modeling market order arrivals on the German intraday electricity market with the Hawkes process},
  author={Graf von Luckner, Nikolaus and Kiesel, R{\"u}diger},
  journal={Journal of Risk and Financial Management},
  volume={14},
  number={4},
  pages={161},
  year={2021},
  publisher={MDPI}
}

@article{jain2003institutional,
  title={Institutional design and liquidity at stock exchanges around the world},
  author={Jain, Pankaj K},
  journal={Available at SSRN 869253},
  year={2003}
}

@article{favetto2019european,
  title={The European intraday electricity market: a modeling based on the Hawkes process},
  author={Favetto, Benjamin},
  journal={Journal of Energy Markets},
  volume={13},
  number={3},
  pages={57--96},
  year={2020}
}

@article{gould2013limit,
  title={Limit order books},
  author={Gould, Martin D and Porter, Mason A and Williams, Stacy and McDonald, Mark and Fenn, Daniel J and Howison, Sam D},
  journal={Quantitative Finance},
  volume={13},
  number={11},
  pages={1709--1742},
  year={2013},
  publisher={Taylor \& Francis}
}

@article{abergel2013mathematical,
  title={A mathematical approach to order book modeling},
  author={Abergel, Fr{\'e}d{\'e}ric and Jedidi, Aymen},
  journal={International Journal of Theoretical and Applied Finance},
  volume={16},
  number={05},
  pages={1350025},
  year={2013},
  publisher={World Scientific}
}

@article{cont2021analysis,
  title={Analysis and modeling of client order flow in limit order markets},
  author={Cont, Rama and Cucuringu, Mihai and Glukhov, Vacslav and Prenzel, Felix},
  journal={Available at SSRN},
  year={2021}
}

@article{glas2020intraday,
  title={Intraday renewable electricity trading: Advanced modeling and numerical optimal control},
  author={Glas, Silke and Kiesel, R{\"u}diger and Kolkmann, Sven and Kremer, Marcel and Graf von Luckner, Nikolaus and Ostmeier, Lars and Urban, Karsten and Weber, Christoph},
  journal={Journal of Mathematics in Industry},
  volume={10},
  number={1},
  pages={1--17},
  year={2020},
  publisher={Springer}
}

@article{aid2016optimal,
  title={An optimal trading problem in intraday electricity markets},
  author={A{\"\i}d, Ren{\'e} and Gruet, Pierre and Pham, Huy{\^e}n},
  journal={Mathematics and Financial Economics},
  volume={10},
  number={1},
  pages={49--85},
  year={2016},
  publisher={Springer}
}

@article{aid2022equilibrium,
  title={Equilibrium price in intraday electricity markets},
  author={A{\"\i}d, Ren{\'e} and Cosso, Andrea and Pham, Huy{\^e}n},
  journal={Mathematical Finance},
  volume={32},
  number={2},
  pages={517--554},
  year={2022},
  publisher={Wiley Online Library}
}

@article{skorokhod1957limit,
  title={Limit theorems for stochastic processes with independent increments},
  author={Skorokhod, Anatolii Volodimirovich},
  journal={Theory of Probability \& Its Applications},
  volume={2},
  number={2},
  pages={138--171},
  year={1957},
  publisher={SIAM}
}

@book{billingsley2013convergence,
  title={Convergence of probability measures},
  author={Billingsley, Patrick},
  year={2013},
  publisher={John Wiley \& Sons}
}

@book{cox1980point,
  title={Point processes},
  author={Cox, David Roxbee and Isham, Valerie},
  volume={12},
  year={1980},
  publisher={CRC Press}
}

@book{daley2003introduction,
  title={An introduction to the theory of point processes: volume I: elementary theory and methods},
  author={Daley, Daryl J and Vere-Jones, David and others},
  year={2003},
  publisher={Springer}
}

@article{ogata1981lewis,
  title={On Lewis' simulation method for point processes},
  author={Ogata, Yosihiko},
  journal={IEEE transactions on information theory},
  volume={27},
  number={1},
  pages={23--31},
  year={1981},
  publisher={IEEE}
}

@article{zinn2023micro,
  author          = {Zinn, Toke and Sauri, Orimar and Jung, Jesper and HÃ¸g, Esben},
  journal         = {ArXiV},
  title           = {Microstructural Foundations for Modern Markets},
  year            = {2023}
}