% books.bib : referencer til b√∏ger
% ------------------------------------------------------------------------------
