% incl/bib/software.bib : software-relaterede referencer
% ------------------------------------------------------------------------------

